<record><leader>00000cas a22000007a 4500</leader><controlfield tag="001">25538854</controlfield><controlfield tag="008">920327c199u9999caudn ne      0   k0kor c</controlfield><datafield ind1=" " ind2=" " tag="010"><subfield code="a">sn 92002345 </subfield></datafield><datafield ind1=" " ind2=" " tag="040"><subfield code="a">NSD</subfield><subfield code="b">eng</subfield><subfield code="c">NSD</subfield><subfield code="d">OCLCQ</subfield></datafield><datafield ind1=" " ind2=" " tag="012"><subfield code="m">y</subfield></datafield><datafield ind1="1" ind2=" " tag="022"><subfield code="a">1062-208X</subfield><subfield code="l">1062-208X</subfield><subfield code="y">1047-7446</subfield><subfield code="2">1</subfield></datafield><datafield ind1=" " ind2=" " tag="032"><subfield code="a">722150</subfield><subfield code="b">USPS</subfield></datafield><datafield ind1=" " ind2=" " tag="037"><subfield code="b">L.A. Daily Times, 3407 W. 6th St., Ste. 801, Los Angeles, CA 90020</subfield></datafield><datafield ind1=" " ind2=" " tag="042"><subfield code="a">nsdp</subfield><subfield code="a">pcc</subfield></datafield><datafield ind1=" " ind2="0" tag="222"><subfield code="a">Maeil sinmun</subfield></datafield><datafield ind1="0" ind2="0" tag="245"><subfield code="a">Maeil sinmun =</subfield><subfield code="b">L.A. daily times.</subfield></datafield><datafield ind1="3" ind2="1" tag="246"><subfield code="a">L.A. daily times</subfield></datafield><datafield ind1=" " ind2=" " tag="260"><subfield code="a">Los Angeles, CA :</subfield><subfield code="b">L.A. Daily Times</subfield></datafield><datafield ind1=" " ind2=" " tag="300"><subfield code="a">v.</subfield></datafield><datafield ind1=" " ind2=" " tag="310"><subfield code="a">Daily (except Sunday, Monday &amp; Holidays)</subfield></datafield><datafield ind1=" " ind2=" " tag="588"><subfield code="a">Description based on: Vol. 2, no. 61 (Wednesday, Mar. 11, 1992).</subfield></datafield><datafield ind1=" " ind2=" " tag="752"><subfield code="a">United States</subfield><subfield code="b">California</subfield><subfield code="c">Los Angeles</subfield><subfield code="d">Los Angeles.</subfield></datafield><datafield ind1="0" ind2="0" tag="780"><subfield code="t">So&#774;ndei cho&#774;no&#774;l</subfield><subfield code="x">1047-7446</subfield><subfield code="w">(DLC)sn 89002244</subfield></datafield></record>